<?xml version="1.0" encoding="UTF-8"?><record xmlns="http://www.loc.gov/MARC21/slim" xmlns:cinclude="http://apache.org/cocoon/include/1.0" xmlns:zs="http://www.loc.gov/zing/srw/">
  <leader>00519cz  a2200145n  4500</leader>
  <controlfield tag="001">no2012083862</controlfield>
  <controlfield tag="003">DLC</controlfield>
  <controlfield tag="005">20120704074952.0</controlfield>
  <controlfield tag="008">120619n| acannaabn          |n aaa     c</controlfield>
  <datafield tag="010" ind1=" " ind2=" ">
    <subfield code="a">no2012083862</subfield>
  </datafield>
  <datafield tag="035" ind1=" " ind2=" ">
    <subfield code="a">(OCoLC)oca09229442</subfield>
  </datafield>
  <datafield tag="040" ind1=" " ind2=" ">
    <subfield code="a">OOC</subfield>
    <subfield code="b">eng</subfield>
    <subfield code="c">OOC</subfield>
    <subfield code="d">OOC</subfield>
  </datafield>
  <datafield tag="100" ind1="1" ind2=" ">
    <subfield code="a">Massenet, Jules,</subfield>
    <subfield code="d">1842-1912.</subfield>
    <subfield code="t">Sonnet</subfield>
  </datafield>
  <datafield tag="670" ind1=" " ind2=" ">
    <subfield code="a">Mechelen, W. van. La romance francĚ§aise [SR] 2011?:</subfield>
    <subfield code="b">container (Sonnet / Jules Massenet) insert (words by Georges Pradel)</subfield>
  </datafield>
  <datafield tag="670" ind1=" " ind2=" ">
    <subfield code="a">Grove music online, June 19, 2012</subfield>
    <subfield code="b">(Sonnet (G. Pradel) (1869))</subfield>
  </datafield>
</record>